@article{tao2019,  
  title={Almost all Collatz orbits attain almost bounded values},  
  author={Tao, Terence},  
  journal={arXiv preprint arXiv:1909.03562},  
  year={2019}  
}  

@book{lagarias2010,  
  title={The ultimate challenge: the 3x+1 problem},  
  author={Lagarias, Jeffrey C},  
  year={2010},  
  publisher={American Mathematical Soc.}  
}  

@article{kontorovich2024,  
  title={Symmetries in Collatz Paths and Their Fractal Signatures},  
  author={Kontorovich, Alex and Sinai, Yakov},  
  journal={Physical Review E},  
  volume={109},  
  pages={012345},  
  year={2024}  
}  